@book{cape1,
   author = {Caribbean Examinations Council},
   title = {Applied Mathematics CAPE \textregistered  Past Papers},   
   publisher = {Macmillan Education},
   year = {2016}
}
 